% Bibliography - BibTeX
\usepackage{url}

@misc{website:zet,
      author = "Zeus GÃ³mez Marmolejo",
      title = "Zet Processor",
      howpublished = "\url{http://zet.aluzina.org/index.php/Zet_processor}",
      month = "June",
      year = "2011"
}